% This file was created with JabRef 2.4.1.
% Encoding: Cp1252

@inproceedings{WG2006d,
  author = {Granzer,W and Neugschwandtner, G. and Kastner, W.},
  title = {{EIBsec: A Security Extension to KNX/EIB}},
  booktitle = {{Konnex Scientific Conference}},
  year = {2006},
  month = nov,
}

@article{RSA,
 author = {Rivest, R. L. and Shamir, A. and Adleman, L.},
 title = {A Method for Obtaining Digital Signatures and Public-key Cryptosystems},
 journal = {Commun. ACM},
 issue_date = {Feb. 1978},
 volume = {21},
 number = {2},
 month = feb,
 year = {1978},
 pages = {120--126},
 numpages = {7},
 acmid = {359342},
 publisher = {ACM},
 address = {New York, NY, USA},
 keywords = {authentication, cryptography, digital signatures, electronic funds transfer, electronic mail, factorization, message-passing, prime number, privacy, public-key cryptosystems, security},
} 

@ARTICLE{1055638,
author={Diffie, W. and Hellman, M.E.},
journal={Information Theory, IEEE Transactions on},
title={New directions in cryptography},
year={1976},
month={Nov},
volume={22},
number={6},
pages={644-654},
}

@inproceedings{Borisov:2004:OCW:1029179.1029200,
 author = {Borisov, N. and Goldberg, I. and Brewer, E.},
 title = {Off-the-record Communication, or, Why Not to Use PGP},
 year = {2004},
 booktitle = {Proceedings of the 2004 ACM Workshop on Privacy in the Electronic Society},
 location = {Washington DC, USA},
 pages = {77--84},
 numpages = {8},
 acmid = {1029200},
 publisher = {ACM},
 address = {New York, NY, USA},
 keywords = {deniability, perfect forward secrecy, private communication},
} 

@inproceedings{Liu:2013:IGO:2517840.2517867,
 author = {Hong, L. and Vasserman, E. Y. and Hopper, N.},
 title = {Improved Group Off-the-record Messaging},
 booktitle = {Proceedings of the 12th ACM Workshop on Workshop on Privacy in the Electronic Society},
 series = {WPES '13},
 year = {2013},
 location = {Berlin, Germany},
 pages = {249--254},
 numpages = {6},
 acmid = {2517867},
 publisher = {ACM},
 address = {New York, NY, USA},
 keywords = {authentication, group communication, privacy, repudiability, robustness},
} 



@inproceedings{Goldberg:2009:MOM:1653662.1653705,
 author = {Goldberg, I. and Ustao\u{g}lu, B. and Van Gundy, M. D. and Chen, H.},
 title = {Multi-party Off-the-record Messaging},
 booktitle = {Proceedings of the 16th ACM Conference on Computer and Communications Security},
 series = {CCS '09},
 year = {2009},
 location = {Chicago, Illinois, USA},
 pages = {358--368},
 numpages = {11},
 acmid = {1653705},
 publisher = {ACM},
 address = {New York, NY, USA},
 keywords = {deniability, instant messaging, multi-party, privacy},
} 

@unpublished{knxSpec,
  AUTHOR = {KNX Association},
  TITLE = { System Specifications, Overview },
  PAGES = {11},
  URL = {http://www.knx.org/knx-en/knx/technology/specifications/index.php}
}

@unpublished{knxapps,
  AUTHOR = {KNX Association},
  TITLE = { KNX Applications },
  URL = {http://www.knx.org/fileadmin/downloads/08%20-%20KNX%20Flyers/KNX%20Solutions/KNX_Solutions_English.pdf}
}


@techreport{rfc791,
   AUTHOR = "Postel, J.",
   TITLE = "{Internet Protocol}",
   HOWPUBLISHED = {Internet Requests for Comments},
   TYPE="{RFC}",
   NUMBER=791,
   PAGES = {13},
   YEAR = {1981},
   MONTH = {Sept},
   PUBLISHER = "{RFC Editor}",
   INSTITUTION = "{RFC Editor}",
   URL={https://tools.ietf.org/html/rfc791}
   }

@techreport{rfc2246,
   AUTHOR = "Dierks, T. and Allen, C.",
   TITLE = "{The TLS Protocol Version 1.0}",
   HOWPUBLISHED = {Internet Requests for Comments},
   TYPE="{RFC}",
   NUMBER=2246,
   PAGES = {1-80},
   YEAR = {1999},
   MONTH = {Jan},
   PUBLISHER = "{RFC Editor}",
   INSTITUTION = "{RFC Editor}",
   URL={https://www.ietf.org/rfc/rfc2246.txt}
   }

@techreport{rfc4301,
   AUTHOR = "Kent, S. and Seo, K.",
   TITLE = "{Security Architecture for the Internet Protocol}",
   HOWPUBLISHED = {Internet Requests for Comments},
   TYPE="{RFC}",
   NUMBER=4301,
   PAGES = {1-101},
   YEAR = {2005},
   MONTH = {December},
   PUBLISHER = "{RFC Editor}",
   INSTITUTION = "{RFC Editor}",
   URL={http://tools.ietf.org/html/rfc4301}
   }

 @INPROCEEDINGS{knxsecExt,
author={Cavalieri, S. and Cutuli, G. and Malgeri, M.},
booktitle={Emerging Technologies and Factory Automation (ETFA), 2010 IEEE Conference on},
title={A study on security mechanisms in KNX-based home/building automation networks},
year={2010},
month={Sept},
pages={1-4},
keywords={building management systems;computer network security;computer networks;control engineering computing;data communication;data privacy;home automation;protocols;European standard;KNX-based home automation network;authentication;building automation network;confidentiality;data transmission security;international standard;protocols;security mechanism},
} 

@INPROCEEDINGS{knxsec,
author={Cavalieri, S. and Cutuli, G.},
booktitle={Industrial Electronics, 2009. IECON '09. 35th Annual Conference of IEEE},
title={Implementing encryption and authentication in KNX using Diffie-Hellman and AES algorithms},
year={2009},
month={Nov},
pages={2459-2464},
keywords={building management systems;cryptography;home automation;AES algorithm;Diffie-Hellman algorithm;KNX communication system;building automation;data authentication;data encryption;home automation;Authentication;Cryptography;Network-on-a-chip},
ISSN={1553-572X},}

@INPROCEEDINGS{Vaudenay02securityflaws,
    author = {Vaudenay, S.},
    title = {Security Flaws Induced by CBC Padding - Applications to SSL, IPSEC, WTLS},
    booktitle = {Proceedings of In Advances in Cryptology},
    year = {2002},
    pages = {534--546},
    publisher = {Springer-Verlag}
    }

@ARTICLE{1335465,
author={Avizienis, A. and Laprie, J.-C. and Randell, B. and Landwehr, C.},
journal={Dependable and Secure Computing, IEEE Transactions on},
title={Basic concepts and taxonomy of dependable and secure computing},
year={2004},
month={Jan},
volume={1},
number={1},
pages={11-33},
ISSN={1545-5971},}

@unpublished{knxTP1,
  AUTHOR = {KNX Association},
  TITLE = {Systems Specifications, Communication Medium TP1},
  PAGES = {40},
}

@InProceedings{KraInnosec2013,
  Title                    = {{Security Erweiterung fuer den KNX Standard}},
  Author                   = {Lukas Krammer and Steven De Bruyne and Wolfgang Kastner and Wolfgang Granzer},
  Booktitle                = {Tagungsband -- innosecure 2013 -- Kongress mit Ausstellung fuer Innovationen in den Sicherheitstechnologien Velbert Heiligenhaus},
  Year                     = {2013},
  Month                    = {Sept},
  Note                     = {german},
  Pages                    = {31-39}
}
@Misc{knx_data_sec,
  Title                    = {{Application Note 158 -- KNX Data Security}},

  Author                   = {{KNX Association}},
  Month                    = {05},
  Note                     = {{Status: Draft Proposal}},
  Year                     = {2013},

  Owner                    = {lkrammer},
  Timestamp                = {2014.09.08}
}

@TECHREPORT{Granzer05securityin,
    author = {Wolfgang Granzer and Wolfgang Kastner and Georg Neugschw and Fritz Praus},
    title = {Security in Networked Building Automation Systems},
    institution = {},
    year = {2005}
}

@INPROCEEDINGS{5195839,
author={Granzer, W. and Lechner, D. and Praus, F. and Kastner, W.},
booktitle={Industrial Informatics, 2009. INDIN 2009. 7th IEEE International Conference on},
title={Securing IP backbones in building automation networks},
year={2009},
month={June},
pages={410-415},
keywords={IP networks;protocols;telecommunication security;IP networks;building automation networks;building automation systems;protocol architecture;securing IP backbones;Automation;Buildings;Communication system security;Data security;Ethernet networks;IP networks;Protection;Protocols;Spine;Tunneling},
}

@inbook{cryptoEng,
  author={Ferguson, N. and Schneier, B. and Kohno, T.},
  year= 2010, 
  chapter={Block Cipher Modes}, 
  title= {Cryptography Engineering}, 
  publisher= {Wiley},
  address= {Indianapolis}, 
}
@inbook{stallings,
  author={Stallings, W.},
  year= 2008, 
  chapter={Overview}, 
  title= {Computer Security}, 
  publisher= {Pearson Education International},
  address= {New Jersey}, 
}
@inbook{handbook1,
  author={Menezes, J. and van Oorschot, P. and Vanstone S.},
  year= 1997, 
  chapter={Overview of Cryptography}, 
  title= {Handbook of Applied Cryptography}, 
  publisher= {CRC Press},
  address= {New York}, 
}
@inbook{handbookLFSR,
  author={Menezes, J. and van Oorschot, P. and Vanstone S.},
  year= 1997, 
  pages={196},
  chapter={Overview of Cryptography}, 
  title= {Handbook of Applied Cryptography}, 
  publisher= {CRC Press},
  address= {New York}, 
}
@ARTICLE{6769090,
author={Shannon, C.E.},
journal={Bell System Technical Journal, The},
title={Communication theory of secrecy systems},
year={1949},
month={Oct},
volume={28},
number={4},
pages={656-715},
doi={10.1002/j.1538-7305.1949.tb00928.x},
ISSN={0005-8580},}

@INPROCEEDINGS{5412055,
author={Matin, M.A. and Hossain, M.M. and Islam, M.F. and Islam, M.N. and Hossain, M.M.},
booktitle={Technical Postgraduates (TECHPOS), 2009 International Conference for},
title={Performance evaluation of symmetric encryption algorithm in MANET and WLAN},
year={2009},
month={Dec},
pages={1-4},
keywords={ad hoc networks;cryptography;mobile communication;telecommunication security;wireless LAN;MANET;Rijndael algorithm;WLAN;advance encryption standard;data encryption standard;symmetric encryption algorithm;wireless LAN network;Communication system security;Computer science;Cryptography;Data engineering;Data security;Information security;Mobile ad hoc networks;NIST;Polynomials;Wireless LAN;Block cipher;MANET;random mobility;symmetric encryption},}

@ARTICLE{1621063,
author={Gennaro, R.},
journal={Security Privacy, IEEE},
title={Randomness in cryptography},
year={2006},
month={March},
volume={4},
number={2},
pages={64-67},
keywords={cryptography;random processes;communication protection;cryptography;data protection;randomness;Application software;Computer science;Computer security;Cryptography;Entropy;Privacy;Random processes;cryptography;nonce;predictable;randomness},}

@inproceedings {MR0044899,
    AUTHOR = {Lehmer, D. H.},
     TITLE = {Mathematical methods in large-scale computing units},
 BOOKTITLE = {Proceedings of a {S}econd {S}ymposium on {L}arge-{S}cale
              {D}igital {C}alculating {M}achinery, 1949},
     PAGES = {141-146},
 PUBLISHER = {Harvard University Press, Cambridge, Mass.},
      YEAR = {1951},
   MRCLASS = {65.0X},
  GMRNUMBER = {0044899 (13,495f)},
MRREVIEWER = {R. Hamming},
}

@article{Coveyou321371.321379,
 author = {Coveyou, R. R. and Macpherson, R. D.},
 title = {Fourier Analysis of Uniform Random Number Generators},
 journal = {J. ACM},
 issue_date = {Jan. 1967},
 volume = {14},
 number = {1},
 month = jan,
 year = {1967},
 issn = {0004-5411},
 pages = {100--119},
 numpages = {20},
 acmid = {321379},
 publisher = {ACM},
 address = {New York, NY, USA},
} 

@ONLINE{nistRAND,
author = {National Institute of Standards and Technology},
title = {A Statistical Test Suite for the Validation of Random Number Generators and Pseudo Random Number Generators for Cryptographic Applications {@ONLINE}},
month = april,
year = {2010},
url = {http://csrc.nist.gov/groups/ST/toolkit/rng/documents/SP800-22rev1a.pdf}
}

@article{feistel,
author = {Feistel, H. },
title = {Cryptography and Computer Privacy},
journal = {Scientific American},
volume ={228},
month = {May},
year = {1973},
number = {5},
pages = {15-23},
}

@misc{feistel1974block,
  title={Block cipher cryptographic system},
  author={Feistel, H.},
  url={http://www.google.com/patents/US3798359},
  year={1974},
  month=mar # "~19",
  note={US Patent 3,798,359}
}

@ONLINE{des,
author = {National Institute of Standards and Technology},
title = {Data Encryption Standard {@ONLINE}},
year = {1979},
url = {http://csrc.nist.gov/publications/fips/fips46-3/fips46-3.pdf}
}

@ONLINE{moo,
author = {National Institute of Standards and Technology},
title = { Recommendation for Block Cipher Modes of Operation {@ONLINE}},
year = {2001},
url = {http://csrc.nist.gov/publications/nistpubs/800-38a/sp800-38a.pdf}
}


@article{burda,
author = {Burda, K. },
title = {Error Propagation in Various Cipher Block Modes},
journal = {International Journal of Computer Science and Network Securit},
volume ={6},
month = {Nov},
year = {2006},
number = {11},
pages = {235-239},
}

@article{Merkle,
 author = {Merkle, Ralph C.},
 title = {Secure Communications over Insecure Channels},
 journal = {Commun. ACM},
 issue_date = {April 1978},
 volume = {21},
 number = {4},
 month = apr,
 year = {1978},
 issn = {0001-0782},
 pages = {294--299},
 numpages = {6},
 acmid = {359473},
 publisher = {ACM},
 address = {New York, NY, USA},
} 

@INPROCEEDINGS{Barak09merklepuzzles,
    author = {Boaz Barak and Mohammad Mahmoody-ghidary},
    title = {Merkle puzzles are optimal: An O(n 2 )- query attack on key exchange from a random oracle},
    booktitle = {In Advances in Cryptology — Crypto 2009, volume 5677 of LNCS},
    year = {2009},
    pages = {374--390},
    publisher = {Springer}
}

@BOOK{wStanley,
  AUTHOR       = {Stanley Jevons, W.},
  TITLE        = {The Principles of Science"},
  YEAR         = {1913},
  PAGEs	       = {144},
  ADDRESS      = {London},
}

@techreport{pkcs1,
   AUTHOR = {Jonsson, J. and Kaliski, B.},
   TITLE = {Public-Key Cryptography Standards (PKCS)1: RSA Cryptography},
   HOWPUBLISHED = {Internet Requests for Comments},
   TYPE={RFC},
   NUMBER={3447},
   YEAR = {2003},
   MONTH = {Feb},
   PUBLISHER = {RFC Editor},
   INSTITUTION = {RFC Editor},
   URL={http://tools.ietf.org/html/rfc3447},
   }


@ARTICLE{891000,
journal={IEEE Std 1363-2000},
title={IEEE Standard Specifications for Public-Key Cryptography},
year={2000},
month={Aug},
pages={1-228},
doi={10.1109/IEEESTD.2000.92292},}

@MISC{Lenstra04keylength,
    author = {Arjen K. Lenstra},
    title = {Key Length},
    year = {2004}
}
