% This file was created with JabRef 2.4.1.
% Encoding: Cp1252

@inproceedings{WG2006d,
  author = {Granzer,W and Neugschwandtner, G. and Kastner, W.},
  title = {{EIBsec: A Security Extension to KNX/EIB}},
  booktitle = {{Konnex Scientific Conference}},
  year = {2006},
  month = nov,
}

@article{Rivest:1978:MOD:359340.359342,
 author = {Rivest, R. L. and Shamir, A. and Adleman, L.},
 title = {A Method for Obtaining Digital Signatures and Public-key Cryptosystems},
 journal = {Commun. ACM},
 issue_date = {Feb. 1978},
 volume = {21},
 number = {2},
 month = feb,
 year = {1978},
 pages = {120--126},
 numpages = {7},
 acmid = {359342},
 publisher = {ACM},
 address = {New York, NY, USA},
 keywords = {authentication, cryptography, digital signatures, electronic funds transfer, electronic mail, factorization, message-passing, prime number, privacy, public-key cryptosystems, security},
} 

@ARTICLE{1055638,
author={Diffie, W. and Hellman, M.E.},
journal={Information Theory, IEEE Transactions on},
title={New directions in cryptography},
year={1976},
month={Nov},
volume={22},
number={6},
pages={644-654},
}

@inproceedings{Borisov:2004:OCW:1029179.1029200,
 author = {Borisov, N. and Goldberg, I. and Brewer, E.},
 title = {Off-the-record Communication, or, Why Not to Use PGP},
 year = {2004},
 booktitle = {Proceedings of the 2004 ACM Workshop on Privacy in the Electronic Society},
 location = {Washington DC, USA},
 pages = {77--84},
 numpages = {8},
 acmid = {1029200},
 publisher = {ACM},
 address = {New York, NY, USA},
 keywords = {deniability, perfect forward secrecy, private communication},
} 

@inproceedings{Liu:2013:IGO:2517840.2517867,
 author = {Hong, L. and Vasserman, E. Y. and Hopper, N.},
 title = {Improved Group Off-the-record Messaging},
 booktitle = {Proceedings of the 12th ACM Workshop on Workshop on Privacy in the Electronic Society},
 series = {WPES '13},
 year = {2013},
 location = {Berlin, Germany},
 pages = {249--254},
 numpages = {6},
 acmid = {2517867},
 publisher = {ACM},
 address = {New York, NY, USA},
 keywords = {authentication, group communication, privacy, repudiability, robustness},
} 



@inproceedings{Goldberg:2009:MOM:1653662.1653705,
 author = {Goldberg, I. and Ustao\u{g}lu, B. and Van Gundy, M. D. and Chen, H.},
 title = {Multi-party Off-the-record Messaging},
 booktitle = {Proceedings of the 16th ACM Conference on Computer and Communications Security},
 series = {CCS '09},
 year = {2009},
 location = {Chicago, Illinois, USA},
 pages = {358--368},
 numpages = {11},
 acmid = {1653705},
 publisher = {ACM},
 address = {New York, NY, USA},
 keywords = {deniability, instant messaging, multi-party, privacy},
} 

@unpublished{knxSpec,
  AUTHOR = {KNX Association},
  TITLE = { System Specifications, Overview },
  PAGES = {11},
  URL = {http://www.knx.org/knx-en/knx/technology/specifications/index.php}
}

@unpublished{knxapps,
  AUTHOR = {KNX Association},
  TITLE = { KNX Applications },
  URL = {http://www.knx.org/fileadmin/downloads/08%20-%20KNX%20Flyers/KNX%20Solutions/KNX_Solutions_English.pdf}
}


@techreport{rfc791,
   AUTHOR = "Postel, J.",
   TITLE = "{INTERNET PROTOCOL}",
   HOWPUBLISHED = {Internet Requests for Comments},
   TYPE="{RFC}",
   NUMBER=791,
   PAGES = {1-44},
   YEAR = {1981},
   MONTH = {September},
   PUBLISHER = "{RFC Editor}",
   INSTITUTION = "{RFC Editor}",
   URL={https://tools.ietf.org/html/rfc791}
   }

@techreport{rfc2246,
   AUTHOR = "Dierks, T. and Allen, C.",
   TITLE = "{The TLS Protocol Version 1.0}",
   HOWPUBLISHED = {Internet Requests for Comments},
   TYPE="{RFC}",
   NUMBER=2246,
   PAGES = {1-80},
   YEAR = {1999},
   MONTH = {January},
   PUBLISHER = "{RFC Editor}",
   INSTITUTION = "{RFC Editor}",
   URL={https://www.ietf.org/rfc/rfc2246.txt}
   }

@techreport{rfc4301,
   AUTHOR = "Kent, S. and Seo, K.",
   TITLE = "{Security Architecture for the Internet Protocol}",
   HOWPUBLISHED = {Internet Requests for Comments},
   TYPE="{RFC}",
   NUMBER=4301,
   PAGES = {1-101},
   YEAR = {2005},
   MONTH = {December},
   PUBLISHER = "{RFC Editor}",
   INSTITUTION = "{RFC Editor}",
   URL={http://tools.ietf.org/html/rfc4301}
   }

 @INPROCEEDINGS{knxsecExt,
author={Cavalieri, S. and Cutuli, G. and Malgeri, M.},
booktitle={Emerging Technologies and Factory Automation (ETFA), 2010 IEEE Conference on},
title={A study on security mechanisms in KNX-based home/building automation networks},
year={2010},
month={Sept},
pages={1-4},
keywords={building management systems;computer network security;computer networks;control engineering computing;data communication;data privacy;home automation;protocols;European standard;KNX-based home automation network;authentication;building automation network;confidentiality;data transmission security;international standard;protocols;security mechanism},
} 

@INPROCEEDINGS{knxsec,
author={Cavalieri, S. and Cutuli, G.},
booktitle={Industrial Electronics, 2009. IECON '09. 35th Annual Conference of IEEE},
title={Implementing encryption and authentication in KNX using Diffie-Hellman and AES algorithms},
year={2009},
month={Nov},
pages={2459-2464},
keywords={building management systems;cryptography;home automation;AES algorithm;Diffie-Hellman algorithm;KNX communication system;building automation;data authentication;data encryption;home automation;Authentication;Cryptography;Network-on-a-chip},
ISSN={1553-572X},}

@INPROCEEDINGS{Vaudenay02securityflaws,
    author = {Vaudenay, S.},
    title = {Security Flaws Induced by CBC Padding - Applications to SSL, IPSEC, WTLS},
    booktitle = {Proceedings of In Advances in Cryptology},
    year = {2002},
    pages = {534--546},
    publisher = {Springer-Verlag}
    }

@Misc{knx_data_sec,
  Title                    = {{Application Note 158 -- KNX Data Security}},

  Author                   = {{KNX Association}},
  Month                    = {05},
  Note                     = {{Status: Draft Proposal}},
  Year                     = {2013},

  Owner                    = {lkrammer},
  Timestamp                = {2014.09.08}
}

@Misc{knx_ip_sec,
  Title                    = {{Application Note 159 -- KNXnet/IP Secure}},

  Author                   = {{KNX Association}},
  Month                    = {05},
  Note                     = {{Status: Draft Proposal}},
  Year                     = {2013},

  Owner                    = {lkrammer},
  Timestamp                = {2014.09.08}
}

@InProceedings{KraInnosec2013,
  Title                    = {{Security Erweiterung fuer den KNX Standard}},
  Author                   = {Lukas Krammer and Steven De Bruyne and Wolfgang Kastner and Wolfgang Granzer},
  Booktitle                = {Tagungsband -- innosecure 2013 -- Kongress mit Ausstellung fuer Innovationen in den Sicherheitstechnologien Velbert Heiligenhaus},
  Year                     = {2013},
  Month                    = {Sept},
  Note                     = {german},
  Pages                    = {31-39}
}

@InProceedings{granzer2006security,
  Title                    = {{Security in networked building automation systems}},
  Author                   = {Granzer, W. and Kastner, W. and Neugschwandtner, G. and Praus, F.},
  Booktitle                = {Proceedings of the IEEE International Workshop on Factory Communication Systems (WFCS)},
  Year                     = {2006},
  Pages                    = {283-292},

  Abstract                 = {Not Available},
  Doi                      = {10.1109/WFCS.2006.1704168},
  Keywords                 = {Automatic control;Automation;Communication system control;Communication system security;Control systems;Data security;Daylighting;Intelligent networks;Protocols;Spine}
}

@misc{cryptoeprint,
    author = {Hugo Krawczyk},
    title = {The order of encryption and authentication for protecting communications (Or: how secure is SSL?)},
    howpublished = {Cryptology ePrint Archive, Report 2001/045},
    year = {2001},
    note = {\url{http://eprint.iacr.org/}},
}
@article{ocb,
 author = {Rogaway, Phillip and Bellare, Mihir and Black, John},
 title = {OCB: A Block-cipher Mode of Operation for Efficient Authenticated Encryption},
 journal = {ACM Trans. Inf. Syst. Secur.},
 issue_date = {August 2003},
 volume = {6},
 number = {3},
 month = aug,
 year = {2003},
 pages = {365--403},
 numpages = {39},
 publisher = {ACM},
} 

[download] 
